@ONLINE{Vandewalle:2005:Online,
        author = {Vandewalle, S.},
        title = {Numerieke modellering en benadering},
        year = {2005},
        url = {https://onderwijsaanbod.kuleuven.be/syllabi/n/H01P3AN.htm#activetab=doelstellingen_idm1991264}
}